@article{belyaev2024comparison,
	title={Comparison of Statistical Approaches for Reconstructing Random Coefficients in the Problem of Stochastic Modeling of Air--Sea Heat Flux Increments},
	author={Belyaev, Konstantin P and Gorshenin, Andrey K and Korolev, Victor Yu and Osipova, Anastasiia A},
	journal={Mathematics},
	volume={12},
	number={2},
	pages={288},
	year={2024},
	publisher={MDPI},
	doi={10.3390/math12020288},
}
@article{Gorshenin2023,
	author = {Andrey K. Gorshenin and Anastasiia A. Osipova and Konstantin P. Belyaev},
	doi = {10.1016/j.cageo.2023.105461},
	issn = {00983004},
	journal = {Computers \& Geosciences},
	month = {12},
	pages = {105461},
	title = {Stochastic analysis of air–sea heat fluxes variability in the North Atlantic in 1979–2022 based on reanalysis data},
	volume = {181},
	url = {https://linkinghub.elsevier.com/retrieve/pii/S0098300423001656},
	year = {2023},
}
