@Patent{progbib1,
	heading =      {Свидетельство о гос. регистрации программы для {ЭВМ}},
	author =       {Горшенин А.К., Осипова А.А.},
	title =        {Программа визуализации эволюции параметров динамико-стохастической модели потоков тепла между океаном и атмосферой},
	reqnumber =    2022613346,
	publdate =     {2022-03-14},
	date =         {2022-03-14},
	prnumber =     2022613346,
	prcountry =    {countryru},
	language =     {russian},
	authorprogram ={yes},
}
@Patent{progbib2,
	heading =      {Свидетельство о гос. регистрации программы для {ЭВМ}},
	author =       {Горшенин А.К., Осипова А.А.},
	title =        {Программа оценивания параметров динамико-стохастической модели потоков тепла между океаном и атмосферой},
	reqnumber =    2022613345,
	publdate =     {2022-03-14},
	date =         {2022-03-14},
	prnumber =     2022613345,
	prcountry =    {countryru},
	language =     {russian},
	authorprogram ={yes},
}
@Patent{progbib3,
	heading =      {Свидетельство о гос. регистрации программы для {ЭВМ}},
	author =       {Горшенин А.К., Осипова А.А.},
	title =        {Программа прогнозирования значений временных рядов на основе гребневой регрессии и структурных компонент},
	reqnumber =    2021669128,
	publdate =     {2021-11-24},
	date =         {2021-11-24},
	prnumber =     2021669128,
	prcountry =    {countryru},
	language =     {russian},
	authorprogram ={yes},
}
@Patent{progbib4,
	heading =      {Свидетельство о гос. регистрации программы для {ЭВМ}},
	author =       {Горшенин А.К., Осипова А.А.},
	title =        {Программный модуль прогнозирования компонент связности в СРС-методе},
	reqnumber =    2021668922,
	publdate =     {2021-11-22},
	date =         {2021-11-22},
	prnumber =     2021668922,
	prcountry =    {countryru},
	language =     {russian},
	authorprogram ={yes},
}
@Patent{progbib5,
	heading =      {Свидетельство о гос. регистрации программы для {ЭВМ}},
	author =       {Горшенин А.К., Осипова А.А.},
	title =        {Программа идентификации компонент связности в СРС-методе},
	reqnumber =    2020666990,
	publdate =     {2020-12-18},
	date =         {2020-12-18},
	prnumber =     2020666990,
	prcountry =    {countryru},
	language =     {russian},
	authorprogram ={yes},
}
@Patent{progbib6,
	heading =      {Свидетельство о гос. регистрации программы для {ЭВМ}},
	author =       {Горшенин А.К., Осипова А.А.},
	title =        {Программа адаптивного выделения смешанного нормального сигнала на фоне смешанного гауссовского шума},
	reqnumber =    2020666989,
	publdate =     {2020-12-18},
	date =         {2020-12-18},
	prnumber =     2020666989,
	prcountry =    {countryru},
	language =     {russian},
	authorprogram ={yes},
}

